paper-helpers/references/refs.bib